@misc{broinicio
	author 	= "Bro Team",
	title 	= "\emph{Web de Bro}",
	note 	= "\url{https://www.bro.org/sphinx/intro/index.html}"

}

@misc{dpiaproximacion
	author 	= "Dr. Thomas Porter",
	title 	= "\emph{The Perils of Deep Packet Inspection}",
	note 	= "\url{https://www.symantec.com/connect/articles/perils-deep-packet-inspection}"

}

@misc{broindex
	author 	= "Bro Team",
	title 	= "\emph{Bro Indice}",
	note 	= "\url{https://www.bro.org}"

}

@misc{brodownload
	author 	= "Bro Team",
	title 	= "\emph{Descarga de Bro}",
	note 	= "\url{https://www.bro.org/download/index.html}"

}

@misc{broinstall
	author 	= "Bro Team",
	title 	= "\emph{Instalación de Bro}",
	note 	= "\url{https://www.bro.org/sphinx/install/index.html}"

}

@misc{timetype
	author 	= "Bro Team",
	title 	= "\emph{Tipo Time}",
	note 	= "\url{https://www.bro.org/sphinx/script-reference/types.html?highlight=time#type-time}"

}

@misc{connectiontype
	author 	= "Bro Team",
	title 	= "\emph{Tipo Cennection}",
	note 	= "\url{https://www.bro.org/sphinx/scripts/base/init-bare.bro.html#type-connection}"

}

@misc{conntype
	author 	= "Bro Team",
	title 	= "\emph{Tipo Conn}",
	note 	= "\url{https://www.bro.org/sphinx/scripts/base/protocols/conn/main.bro.html#type-Conn::Info}"

}

@misc{getproto
	author 	= "Bro Team",
	title 	= "\emph{Función get\_port\_transport\_proto}",
	note 	= "\url{https://www.bro.org/sphinx/scripts/base/bif/bro.bif.bro.html#id-get_port_transport_proto}"

}

@misc{protoanalyzers
	author 	= "Bro Team",
	title 	= "\emph{Analizadores de protocolos}",
	note 	= "\url{https://www.bro.org/sphinx/script-reference/proto-analyzers.html}"

}

@article{comparacion
	author 	= "José Camacho and Pablo Padilla and Pedro García-Teodoro and Jesús Díaz-Verdejo",
	title 	= "\emph{A generalizable dynamic flow pairing method for traffic classification}",
	note	= "\url{} [Accedido: XX mes 2017]"
}

%@book{
%	author	= "",
%	title	= "",
%	year		= "",
%	publisher 	= ""
%}